@article{Tange2011a,
  added-at = {2016-01-18T15:13:04.000+0100},
  address = {Frederiksberg, Denmark},
  author = {Tange, O.},
  biburl = {https://www.bibsonomy.org/bibtex/2ab8ea12a0dffc7a4f4d5e972c8fb4ad8/fezett},
  doi = {10.5281/zenodo.16303},
  interhash = {b829bb54862d2644509ad3d5fa2a2e09},
  intrahash = {ab8ea12a0dffc7a4f4d5e972c8fb4ad8},
  journal = {;login: The USENIX Magazine},
  keywords = {imported},
  month = Feb,
  number = 1,
  pages = {42-47},
  timestamp = {2016-01-18T15:15:28.000+0100},
  title = {GNU Parallel - The Command-Line Power Tool},
  url = {http://www.gnu.org/s/parallel},
  volume = 36,
  year = 2011
}

@Article{NumPy,
  title         = {Array programming with {NumPy}},
  author        = {Charles R. Harris and K. Jarrod Millman and St{\'{e}}fan J.
                   van der Walt and Ralf Gommers and Pauli Virtanen and David
                   Cournapeau and Eric Wieser and Julian Taylor and Sebastian
                   Berg and Nathaniel J. Smith and Robert Kern and Matti Picus
                   and Stephan Hoyer and Marten H. van Kerkwijk and Matthew
                   Brett and Allan Haldane and Jaime Fern{\'{a}}ndez del
                   R{\'{i}}o and Mark Wiebe and Pearu Peterson and Pierre
                   G{\'{e}}rard-Marchant and Kevin Sheppard and Tyler Reddy and
                   Warren Weckesser and Hameer Abbasi and Christoph Gohlke and
                   Travis E. Oliphant},
  year          = {2020},
  month         = sep,
  journal       = {Nature},
  volume        = {585},
  number        = {7825},
  pages         = {357--362},
  doi           = {10.1038/s41586-020-2649-2},
  publisher     = {Springer Science and Business Media {LLC}},
  COMMENTurl           = {https://doi.org/10.1038/s41586-020-2649-2}
}

@article{ChaosPyFeinberg2015,
    author = {Feinberg, Jonathan and Langtangen, Hans Petter},
    title = {{Chaospy: An open source tool for designing methods of uncertainty quantification}},
    journal = {J. Comput. Sci.},
    volume = {11},
    pages = {46--57},
    year = {2015},
    month = {Nov},
    issn = {1877-7503},
    publisher = {Elsevier},
    doi = {10.1016/j.jocs.2015.08.008}
}

@article{Paulson2015,
  author = {Paulson, Chris and Ragkousis, Giorgos},
  title = {{pyKriging: A Python Kriging toolkit}},
  journal = {Zenodo},
  year = {2015},
  month = {Jul},
  doi = {10.5281/zenodo.21389}
}

@article{Giles2008,
  author = {Giles, Michael B.},
  title = {{Multilevel Monte Carlo path simulation}},
  year = {2008},
  issue_date = {May 2008},
  publisher = {INFORMS},
  address = {Linthicum, MD, USA},
  volume = {56},
  number = {3},
  issn = {0030-364X},
  COMMENTurl = {https://doi.org/10.1287/opre.1070.0496},
  doi = {10.1287/opre.1070.0496},
  journal = {Oper. Res.},
  month = may,
  pages = {607–617},
  numpages = {11},
  keywords = {finance, analysis of algorithms, computational complexity, simulation, efficiency}
}


@article{Peherstorfer2016,
    author = {Peherstorfer, Benjamin and Willcox, Karen and Gunzburger, Max},
    title = {{Optimal model management for multifidelity Monte Carlo estimation}},
    journal = {SIAM J. Sci. Comput.},
    year = {2016},
    month = {Oct},
    publisher = {Society for Industrial and Applied Mathematics},
    doi = {10.1137/15M1046472},
    COMMENTurl = {https://epubs.siam.org/doi/10.1137/15M1046472}
}

@article{Beck2020,
  author = {Beck, Andrea and Dürrwächter, Jakob and Kuhn, Thomas and Meyer, Fabian and Munz, Claus-Dieter and Rohde, Christian},
  title = {{$hp$-multilevel Monte Carlo methods for uncertainty quantification of compressible Navier--Stokes equations}},
  journal = {SIAM J. Sci. Comput.},
  year = {2020},
  month = {Aug},
  publisher = {Society for Industrial and Applied Mathematics},
  url = {10.1137/18M1210575},
  COMMENTurl = {https://epubs.siam.org/doi/abs/10.1137/18M1210575}
}

@book{Krige1951,
  author = {Krige, D. g.},
  title = {{A statistical approach to some mine valuation and allied problems on the Witwatersrand}},
  year = {1951},
  note ={Master's thesis, University of Witwatersrand},
}

@article{Krais2019,
    author = {Krais, Nico and Beck, Andrea and Bolemann, Thomas and Frank, Hannes and Flad, David and Gassner, Gregor and Hindenlang, Florian and Hoffmann, Malte and Kuhn, Thomas and Sonntag, Matthias and Munz, Claus-Dieter},
    title = {{FLEXI: A high order discontinuous Galerkin framework for hyperbolic{\textendash}parabolic conservation laws}},
    journal = {Comput. Math. Appl.},
    volume = {81},
    pages = {186--219},
    year = {2021},
    month = {Jan},
    issn = {0898-1221},
    publisher = {Pergamon},
    doi = {10.1016/j.camwa.2020.05.004}
}

@incollection{Heinrich2001,
  author = {Heinrich, Stefan},
  title = {{Multilevel Monte Carlo methods}},
  booktitle = {{Large-Scale Scientific Computing}},
  journal = {SpringerLink},
  pages = {58--67},
  year = {2001},
  month = {Dec},
  isbn = {978-3-540-43043-8},
  publisher = {Springer},
  address = {Berlin, Germany},
  doi = {10.1007/3-540-45346-6_5}
}  

@article{Peherstorfer2018,
    author = {Peherstorfer, Benjamin and Willcox, Karen and Gunzburger, Max},
    title = {{Survey of multifidelity methods in uncertainty propagation, inference, and optimization}},
    journal = {SIAM Rev.},
    year = {2018},
    month = {Aug},
    publisher = {Society for Industrial and Applied Mathematics},
    doi = {10.1137/16M1082469},
    COMMENTurl = {https://epubs.siam.org/doi/10.1137/16M1082469}
}

@article{Dakota,
  title = {Dakota, a multilevel parallel object-oriented framework for design optimization, parameter estimation, uncertainty quantification, and sensitivity analysis},
  author = {Adams, Brian M. and Ebeida, Mohamed Salah and Eldred, Michael S. and Jakeman, John Davis and Swiler, Laura Painton and Stephens, John Adam and Vigil, Dena M. and Wildey, Timothy Michael and Bohnhoff, William J. and Eddy, John P. and Hu, Kenneth T. and Dalbey, Keith R. and Bauman, Lara E and Hough, Patricia Diane},
  doi = {10.2172/1177077},
  url = {https://www.osti.gov/biblio/1177077}, 
  journal = {},
  number = {},
  volume = {},
  place = {United States},
  year = {2014},
  month = {5}
} 

@article{Olivier2020,
    author = {Olivier, Audrey and Giovanis, Dimitris G. and Aakash, B. S. and Chauhan, Mohit and Vandanapu, Lohit and Shields, Michael D.},
    title = {{UQpy: A general purpose Python package and development environment for uncertainty quantification}},
    journal = {J. Comput. Sci.},
    volume = {47},
    pages = {101204},
    year = {2020},
    month = {Nov},
    issn = {1877-7503},
    publisher = {Elsevier},
    doi = {10.1016/j.jocs.2020.101204}
}

@ARTICLE{DebusscherePCE2004,
    author   =  {B.J. Debusschere and H.N. Najm and P.P. Pebay and O.M. Knio
                     and R.G. Ghanem and O.P. {Le Maitre}},
    title    =  {Numerical challenges in the use of polynomial chaos representations
                       for stochastic processes},
    journal  =  {{SIAM} J. Sci. Comput.},
    year     =  {2004},
    volume   =  {26},
    pages    =  {698-719},
    number   =  {2},
    doi      =  {10.1137/S1064827503427741},
    COMMENTurl      =  {http://dx.doi.org/10.1137/S1064827503427741}
}

@InCollection{DebusschereUQTk2017,
    author    = {B. Debusschere and K. Sargsyan and C. Safta and K. Chowdhary},
    title     = {The uncertainty quantification toolkit (UQTk)},
    booktitle = {Handbook of Uncertainty Quantification},
    editor    = {R. Ghanem and D. Higdon and H. Owhadi},
    year      = {2017},
    pages     = {1807--1827},
    publisher = {Springer},
    COMMENTurl       = {http://www.springer.com/us/book/9783319123844}
}

@article{PyMLMCSukys2017,
    author = {Sukys, Jonas and Rasthofer, Ursula and Wermelinger, Fabian and Hadjidoukas, Panagiotis and Koumoutsakos, Petros},
    title = {{Optimal fidelity multi-level Monte Carlo for quantification of uncertainty in simulations of cloud cavitation collapse}},
    journal = {arXiv},
    year = {2017},
    month = {May},
    url = {https://arxiv.org/abs/1705.04374v1}
}

@article{ChaosPyFeinberg2015,
    author = {Feinberg, Jonathan and Langtangen, Hans Petter},
    title = {{Chaospy: An open source tool for designing methods of uncertainty quantification}},
    journal = {J. Comput. Sci.},
    volume = {11},
    pages = {46--57},
    year = {2015},
    month = {Nov},
    issn = {1877-7503},
    publisher = {Elsevier},
    doi = {10.1016/j.jocs.2015.08.008}
}

@article{Rezaeiravesh2021b,
  doi = {10.21105/joss.02871},
  url = {https://doi.org/10.21105/joss.02871},
  year = {2021},
  publisher = {The Open Journal},
  volume = {6},
  number = {60},
  pages = {2871},
  author = {Saleh Rezaeiravesh and Ricardo Vinuesa and Philipp Schlatter},
  title = {UQit: A Python package for uncertainty quantification (UQ) in computational fluid dynamics (CFD)},
  journal = {Journal of Open Source Software}
}

@article{Marelli2014,
  author = {Marelli, Stefano and Sudret, Bruno},
  title = {{UQLab: A framework for uncertainty quantification in Matlab}},
  journal = {American Society of Civil Engineers},
  pages = {2554--2563},
  year = {2014},
  month = {Jul},
  publisher = {American Society of Civil Engineers},
  doi = {10.1061/9780784413609.257}
}

