@article{Giles2008,
  author = {Giles, Michael B.},
  title = {Multilevel Monte Carlo path simulation},
  year = {2008},
  issue_date = {May 2008},
  publisher = {INFORMS},
  address = {Linthicum, MD, USA},
  volume = {56},
  number = {3},
  issn = {0030-364X},
  COMMENTurl = {https://doi.org/10.1287/opre.1070.0496},
  doi = {10.1287/opre.1070.0496},
  journal = {Oper. Res.},
  month = may,
  pages = {607–617},
  numpages = {11},
  keywords = {finance, analysis of algorithms, computational complexity, simulation, efficiency}
}

@incollection{Heinrich2001,
  author = {Heinrich, Stefan},
  title = {{Multilevel Monte Carlo methods}},
  booktitle = {{Large-Scale Scientific Computing}},
  journal = {SpringerLink},
  pages = {58--67},
  year = {2001},
  month = {Dec},
  isbn = {978-3-540-43043-8},
  publisher = {Springer},
  address = {Berlin, Germany},
  doi = {10.1007/3-540-45346-6_5}
}  


@article{Bungartz2004,
  title={Sparse grids},
  volume={13},
  DOI={10.1017/S0962492904000182},
  journal={Acta Numerica},
  publisher={Cambridge University Press},
  author={Bungartz, Hans-Joachim and Griebel, Michael},
  year={2004},
  pages={147–269}
}


@article {Giles2015,
    AUTHOR = {Giles, Michael B.},
     TITLE = {Multilevel {M}onte {C}arlo methods},
   JOURNAL = {Acta Numer.},
  FJOURNAL = {Acta Numerica},
    VOLUME = {24},
      YEAR = {2015},
     PAGES = {259--328},
      ISSN = {0962-4929},
   MRCLASS = {65C05},
  MRNUMBER = {3349310},
}

@article {CockburnShu1998,
    AUTHOR = {Cockburn, Bernardo and Shu, Chi-Wang},
     TITLE = {The {R}unge-{K}utta discontinuous {G}alerkin method for
              conservation laws. {V}: {M}ultidimensional systems},
   JOURNAL = {J. Comput. Phys.},
  FJOURNAL = {Journal of Computational Physics},
    VOLUME = {141},
      YEAR = {1998},
    NUMBER = {2},
     PAGES = {199--224},
      ISSN = {0021-9991},
   MRCLASS = {65M60 (65L06 76M25)},

}

@article {CockburnShu2001,
    AUTHOR = {Cockburn, Bernardo and Shu, Chi-Wang},
     TITLE = {Runge-{K}utta discontinuous {G}alerkin methods for
              convection-dominated problems},
   JOURNAL = {J. Sci. Comput.},
  FJOURNAL = {Journal of Scientific Computing},
    VOLUME = {16},
      YEAR = {2001},
    NUMBER = {3},
     PAGES = {173--261},
      ISSN = {0885-7474},
   MRCLASS = {65M60 (65N30 76M25)},

}

@article {EinfeldtMunzRoe1991,
    AUTHOR = {Einfeldt, B. and Munz, C.-D. and Roe, P. L. and Sj\"{o}green, B.},
     TITLE = {On {G}odunov-type methods near low densities},
   JOURNAL = {J. Comput. Phys.},
  FJOURNAL = {Journal of Computational Physics},
    VOLUME = {92},
      YEAR = {1991},
    NUMBER = {2},
     PAGES = {273--295},
      ISSN = {0021-9991},
   MRCLASS = {76M20 (76N10)},
  MRNUMBER = {1094256},
       DOI = {10.1016/0021-9991(91)90211-3},
       COMMENTURL = {https://doi.org/10.1016/0021-9991(91)90211-3},
}

@book {GhanemSpanos1991,
    AUTHOR = {Ghanem, Roger G. and Spanos, Pol D.},
     TITLE = {Stochastic finite elements: a spectral approach},
 PUBLISHER = {Springer-Verlag, New York},
      YEAR = {1991},
     PAGES = {x+214},
      ISBN = {0-387-97456-3},
   MRCLASS = {73V05 (65U05 73K35 73V30)},
  MRNUMBER = {1083354},
       DOI = {10.1007/978-1-4612-3094-6},
       COMMENTURL = {https://doi.org/10.1007/978-1-4612-3094-6},
}

@article {Wiener1938,
    AUTHOR = {Wiener, Norbert},
     TITLE = {The homogeneous chaos},
   JOURNAL = {Amer. J. Math.},
  FJOURNAL = {American Journal of Mathematics},
    VOLUME = {60},
      YEAR = {1938},
    NUMBER = {4},
     PAGES = {897--936},
      ISSN = {0002-9327},
   MRCLASS = {DML},
  MRNUMBER = {1507356},

}

%AUTHOR = {Le Ma\^{i}tre, O. P.. and Reagan, Matthew T. and Najm, Habib
@article {LeMaitreKnio2002,
    AUTHOR = {Le Maitre, O. P.. and Reagan, Matthew T. and Najm, Habib
              N. and Ghanem, Roger G. and Knio, Omar M.},
     TITLE = {A stochastic projection method for fluid flow. {II}: {R}andom
              process},
   JOURNAL = {J. Comput. Phys.},
  FJOURNAL = {Journal of Computational Physics},
    VOLUME = {181},
      YEAR = {2002},
    NUMBER = {1},
     PAGES = {9--44},
      ISSN = {0021-9991},
   MRCLASS = {76M35},
  MRNUMBER = {1925975},
MRREVIEWER = {Kenneth H. Karlsen},
       DOI = {10.1006/jcph.2002.7104},
       COMMENTURL = {https://doi.org/10.1006/jcph.2002.7104},
}

//AUTHOR = {Le Ma\^{\i}tre, O. P. and Knio, O. M.},
@book {LeMaitreKnio2010,
    AUTHOR = {Le Maitre, O. P. and Knio, O. M.},
     TITLE = {Spectral methods for uncertainty quantification},
    SERIES = {Scientific Computation},
      NOTE = {With applications to computational fluid dynamics},
 PUBLISHER = {Springer, New York},
      YEAR = {2010},
     PAGES = {xvi+536},
      ISBN = {978-90-481-3519-6},
   MRCLASS = {65-02 (76M22)},
  MRNUMBER = {2605529},
       DOI = {10.1007/978-90-481-3520-2},
       %URL = {https://doi.org/10.1007/978-90-481-3520-2},
}

@incollection {Xiu2017,
    AUTHOR = {Xiu, Dongbin},
     TITLE = {Stochastic collocation methods: a survey},
 BOOKTITLE = {Handbook of uncertainty quantification. {V}ol. 1, 2, 3},
     PAGES = {699--716},
 PUBLISHER = {Springer, Cham},
      YEAR = {2017},
   MRCLASS = {65C50 (62G08 62K05)},
  MRNUMBER = {3821482},
}

@article {XiuKarniadakis2002,
    AUTHOR = {Xiu, Dongbin and Karniadakis, George Em},
     TITLE = {The {W}iener-{A}skey polynomial chaos for stochastic
              differential equations},
   JOURNAL = {SIAM J. Sci. Comput.},
  FJOURNAL = {SIAM Journal on Scientific Computing},
    VOLUME = {24},
      YEAR = {2002},
    NUMBER = {2},
     PAGES = {619--644},
      ISSN = {1064-8275},
   MRCLASS = {60H15 (33C45 33C90 65C30)},

}

@book {dafermos2005,
    AUTHOR = {Dafermos, Constantine M.},
     TITLE = {Hyperbolic conservation laws in continuum physics},
    SERIES = {Grundlehren der Mathematischen Wissenschaften [Fundamental
              Principles of Mathematical Sciences]},
    VOLUME = {325},
   EDITION = {Second},
 PUBLISHER = {Springer-Verlag, Berlin},
      YEAR = {2005},
     PAGES = {xx+626},
      ISBN = {978-3-540-25452-2; 3-540-25452-8},
   MRCLASS = {35L65 (35-02 35L67 74J40 76L05)},

}

@article {Beck2014,
    AUTHOR = {Beck, Andrea D. and Bolemann, Thomas and Flad, David and
              Frank, Hannes and Gassner, Gregor J. and Hindenlang, Florian
              and Munz, Claus-Dieter},
     TITLE = {High-order discontinuous {G}alerkin spectral element methods
              for transitional and turbulent flow simulations},
   JOURNAL = {Internat. J. Numer. Methods Fluids},
  FJOURNAL = {International Journal for Numerical Methods in Fluids},
    VOLUME = {76},
      YEAR = {2014},
    NUMBER = {8},
     PAGES = {522--548},
      ISSN = {0271-2091},
   MRCLASS = {65M70 (65M60 76F06)},
  MRNUMBER = {3268418},
MRREVIEWER = {Dami\'{a}n P. Ginestar},
       DOI = {10.1002/fld.3943},
       COMMENTURL = {https://doi.org/10.1002/fld.3943},
}

@article {MishraTokarevaRisebroSchwab2016,
    AUTHOR = {Mishra, Siddhartha and Risebro, Nils Henrik and Schwab,
              Christoph and Tokareva, Svetlana},
     TITLE = {Numerical solution of scalar conservation laws with random
              flux functions},
   JOURNAL = {SIAM/ASA J. Uncertain. Quantif.},
  FJOURNAL = {SIAM/ASA Journal on Uncertainty Quantification},
    VOLUME = {4},
      YEAR = {2016},
    NUMBER = {1},
     PAGES = {552--591},
      ISSN = {2166-2525},
   MRCLASS = {65M08 (35L65 37H10 65C05 65M75)},

}

@article {MishraSchwab2012,
    AUTHOR = {Mishra, S. and Schwab, Ch.},
     TITLE = {Sparse tensor multi-level {M}onte {C}arlo finite volume
              methods for hyperbolic conservation laws with random initial
              data},
   JOURNAL = {Math. Comp.},
  FJOURNAL = {Mathematics of Computation},
    VOLUME = {81},
      YEAR = {2012},
    NUMBER = {280},
     PAGES = {1979--2018},
      ISSN = {0025-5718},
   MRCLASS = {65M08 (35L65 39A50 65C05 65M12 65M75)},

}


@article {schlatter2010,
    AUTHOR = {Schlatter, P. and Örlü, R.},
     TITLE = {Assessment of direct numerical simulation data of turbulent boundary layers},
   JOURNAL = {J. Fuid. Mech.},
  FJOURNAL = {Journal of Fluid Mechanics},
    VOLUME = {659},
      YEAR = {2010},
     PAGES = {116-126}
}

@article {lund1998,
    AUTHOR = {Lund, T.S. and Wu, X. and Squires, K.D.},
     TITLE = {Generation of turbulent inflow data for spatially-developing boundary layer simulations},
   JOURNAL = {J. Comp. Phys.},
  FJOURNAL = {Journal of Computational Physics},
    VOLUME = {140},
      YEAR = {1998},
    NUMBER = {2},
     PAGES = {233-258}
}



@article{Kuhn2018,
  author = {Kuhn, Thomas and Dürrwächter, Jakob and Meyer, Fabian and Beck, Andrea and Rohde, Christian and Munz, Claus-Dieter},
  title = {Uncertainty quantification for direct aeroacoustic simulations of cavity flows},
  journal = {J. Theor. Comput. Acoust.},
  volume = {27},
  number = {01},
  pages = {1850044},
  year = {2019},
  doi = {10.1142/S2591728518500445},
  COMMENTURL = { https://doi.org/10.1142/S2591728518500445 },
  eprint = { https://doi.org/10.1142/S2591728518500445 }
}



@article {MuellerJennyMeyerTwoPhase,
    AUTHOR = {M\"uller, Florian and Jenny, Patrick and Meyer, Daniel W.},
     TITLE = {Multi-level {M}onte {C}arlo for two phase flow and
              {B}uckley-{L}everett transport in random heterogeneous porous
              media},
   JOURNAL = {J. Comput. Phys.},
  FJOURNAL = {Journal of Computational Physics},
    VOLUME = {250},
      YEAR = {2013},
     PAGES = {685--702},
      ISSN = {0021-9991},
   MRCLASS = {76S05 (62M40 65C05)},
  MRNUMBER = {3079555},
       DOI = {10.1016/j.jcp.2013.03.023},
       COMMENTURL = {http://dx.doi.org/10.1016/j.jcp.2013.03.023},
}


@article {CameronMartin1947,
    AUTHOR = {Cameron, R. H. and Martin, W. T.},
     TITLE = {The orthogonal development of non-linear functionals in series
              of {F}ourier-{H}ermite functionals},
   JOURNAL = {Ann. of Math. (2)},
  FJOURNAL = {Annals of Mathematics. Second Series},
    VOLUME = {48},
      YEAR = {1947},
     PAGES = {385--392},
      ISSN = {0003-486X},
   MRCLASS = {60.0X},
  MRNUMBER = {0020230},

}

@article{DeLaage2015,
     TITLE = {Anisotropic linear forcing for synthetic turbulence generation in large eddy simulation and hybrid {RANS/LES} modeling},
    AUTHOR = {De Laage de Meux, B and Audebert, B and Manceau, R and Perrin, R},
   JOURNAL = {Phys. Fluids},
    VOLUME = {27},
    NUMBER = {3},
     PAGES = {035115},
      YEAR = {2015},
 PUBLISHER = {AIP Publishing}
}

@article{carpenter1994fourth,
    TITLE = {Fourth-order 2{N}-storage {R}unge-{K}utta schemes},
   AUTHOR = {Carpenter, M. and Kennedy, C.},
  JOURNAL = {NASA TM 109112},
     YEAR = {1994}
}

@book {Kopriva2009,
    AUTHOR = {Kopriva, David A.},
     TITLE = {Implementing spectral methods for partial differential
              equations},
    SERIES = {Scientific Computation},
      NOTE = {Algorithms for scientists and engineers},
 PUBLISHER = {Springer, Berlin},
      YEAR = {2009},
     PAGES = {xviii+394},
      ISBN = {978-90-481-2260-8},
   MRCLASS = {65-02 (65M70 65N35)},
  MRNUMBER = {2510411},
MRREVIEWER = {Javier de Frutos},
       DOI = {10.1007/978-90-481-2261-5},
       COMMENTURL = {https://doi.org/10.1007/978-90-481-2261-5},
}

@book {Hesthaven2008,
    AUTHOR = {Hesthaven, Jan S. and Warburton, Tim},
     TITLE = {Nodal discontinuous {G}alerkin methods},
    SERIES = {Texts in Applied Mathematics},
    VOLUME = {54},
      NOTE = {Algorithms, analysis, and applications},
 PUBLISHER = {Springer, New York},
      YEAR = {2008},
     PAGES = {xiv+500},
      ISBN = {978-0-387-72065-4},
   MRCLASS = {65-02 (65M60 65N30)},
  MRNUMBER = {2372235},
MRREVIEWER = {Weimin Han},
       DOI = {10.1007/978-0-387-72067-8},
       COMMENTURL = {https://doi.org/10.1007/978-0-387-72067-8},
}
	
@article{hindenlang2014mesh,
     TITLE = {Mesh curving techniques for high order parallel simulations on unstructured meshes},
    AUTHOR = {Hindenlang, F.},
   JOURNAL = {Ph.D. Thesis, University of Stuttgart},
      YEAR = {2014}
}

@article{colonius1999numerical,
     TITLE = {Numerical investigation of the flow past a cavity},
    AUTHOR = {Colonius, T. and Basu, A. and Rowley, C.},
   JOURNAL = {AIAA Paper (1999-1912)},
      YEAR = {1999}
}

@incollection{beck2018application,
     TITLE = {Application and development of the high order discontinuous {G}alerkin spectral element method for compressible multiscale flows},
    AUTHOR = {Beck, Andrea and Bolemann, Thomas and Flad, David and Frank, Hannes and Krais, Nico and Kukuschkin, Kristina and Sonntag, Matthias and Munz, Claus-Dieter},
 BOOKTITLE = {High Performance Computing in Science and Engineering'17},
     PAGES = {387--407},
      YEAR = {2018},
 PUBLISHER = {Springer}
}

@article {SonntagMunz2017,
    AUTHOR = {Sonntag, Matthias and Munz, Claus-Dieter},
     TITLE = {Efficient parallelization of a shock capturing for
              discontinuous {G}alerkin methods using finite volume
              sub-cells},
   JOURNAL = {J. Sci. Comput.},
  FJOURNAL = {Journal of Scientific Computing},
    VOLUME = {70},
      YEAR = {2017},
    NUMBER = {3},
     PAGES = {1262--1289},
      ISSN = {0885-7474},
   MRCLASS = {65M60 (65M08 65Y05 76L05 76M10 76M12)},
  MRNUMBER = {3608339},
MRREVIEWER = {B\"{u}lent Karas\"{o}zen},
       DOI = {10.1007/s10915-016-0287-5},
       COMMENTURL = {https://doi.org/10.1007/s10915-016-0287-5},
}

@article {PoetteDespresLucor2009,
    AUTHOR = {Po\"ette, Ga\"el and Despr\'es, Bruno and Lucor, Didier},
     TITLE = {Uncertainty quantification for systems of conservation laws},
   JOURNAL = {J. Comput. Phys.},
  FJOURNAL = {Journal of Computational Physics},
    VOLUME = {228},
      YEAR = {2009},
    NUMBER = {7},
     PAGES = {2443--2467},
      ISSN = {0021-9991},
   MRCLASS = {65C30 (35L65)},
  MRNUMBER = {2501693},
MRREVIEWER = {Carlos M. Mora Gonz\'alez},
       COMMENTURL = {https://doi.org/10.1016/j.jcp.2008.12.018},
}

@article {Mathelin2005,
    AUTHOR = {Mathelin, Lionel and Hussaini, M. Yousuff and Zang, Thomas A.},
     TITLE = {Stochastic approaches to uncertainty quantification in {CFD}
              simulations},
   JOURNAL = {Numer. Algorithms},
  FJOURNAL = {Numerical Algorithms},
    VOLUME = {38},
      YEAR = {2005},
    NUMBER = {1-3},
     PAGES = {209--236},
      ISSN = {1017-1398},
   MRCLASS = {76M35 (65C30 76F55)},
  MRNUMBER = {2128627},
       DOI = {10.1007/s11075-004-2866-z},
       COMMENTURL = {https://doi.org/10.1007/s11075-004-2866-z},
}

@article {WuXiu2017,
    AUTHOR = {Wu, Kailiang and Tang, Huazhong and Xiu, Dongbin},
     TITLE = {A stochastic {G}alerkin method for first-order quasilinear
              hyperbolic systems with uncertainty},
   JOURNAL = {J. Comput. Phys.},
  FJOURNAL = {Journal of Computational Physics},
    VOLUME = {345},
      YEAR = {2017},
     PAGES = {224--244},
      ISSN = {0021-9991},
   MRCLASS = {65M60 (35L60 60H35 65M75)},
  MRNUMBER = {3667611},
MRREVIEWER = {Latifa Debbi},
       DOI = {10.1016/j.jcp.2017.05.027},
       COMMENTURL = {https://doi.org/10.1016/j.jcp.2017.05.027},
}

//AUTHOR = {Tryoen, J. and Le Ma\^{\i}tre, O. P. and Ndjinga, M. and Ern, A.},
@article {TryoenLeMaitreErn2010,
    AUTHOR = {Tryoen, J. and Le Maitre, O. P. and Ndjinga, M. and Ern, A.},
     TITLE = {Intrusive {G}alerkin methods with upwinding for uncertain
              nonlinear hyperbolic systems},
   JOURNAL = {J. Comput. Phys.},
  FJOURNAL = {Journal of Computational Physics},
    VOLUME = {229},
      YEAR = {2010},
    NUMBER = {18},
     PAGES = {6485--6511},
      ISSN = {0021-9991},
   MRCLASS = {65M60 (65M75)},
  MRNUMBER = {2660316},
       DOI = {10.1016/j.jcp.2010.05.007},
       COMMENTURL = {https://doi.org/10.1016/j.jcp.2010.05.007},
}

@article{KuschMcLarrenFrank2018,
     TITLE = {Filtered stochastic {G}alerkin methods for hyperbolic equations},
    AUTHOR = {Kusch, Jonas and McClarren, Ryan G and Frank, Martin},
   JOURNAL = {arXiv preprint arXiv:1808.00819},
      YEAR = {2018}
}

@article{Schlachter2017a,
    AUTHOR = {Schlachter, Louisa and Schneider, Florian},
   JOURNAL = {J. Comput. Phys.},
  KEYWORDS = {2010 msc,35l60,35q31,35q62,37l65,65m08,65m60,hyperbolicity,intrusive polynomial,moment method,polynomial chaos,stochastic galerkin,uncertainty quantification},
     PAGES = {80--98},
     TITLE = {{A hyperbolicity-preserving stochastic Galerkin approximation for uncertain hyperbolic systems of equations}},
    VOLUME = {375},
      YEAR = {2018}
}

@article{meyer2018hyperbolicity,
  author = {Dürrwächter, Jakob and Kuhn, Thomas and Meyer, Fabian and Schlachter, Louisa and Schneider, Florian},
  title = {{A hyperbolicity-preserving discontinuous stochastic Galerkin scheme for uncertain hyperbolic systems of equations}},
  journal = {J. Comput. Appl. Math.},
  volume = {370},
  COMMENTpages = {112602},
  year = {2020},
  month = {May},
  issn = {0377-0427},
  publisher = {North-Holland},
  doi = {10.1016/j.cam.2019.112602}
}


@incollection {Bijl2013,
    AUTHOR = {Lacor, Chris and Dinescu, Cristian and Hirsch, Charles and
              Smirnov, Sergey},
     TITLE = {Implementation of intrusive polynomial chaos in {CFD} codes
              and application to 3{D} {N}avier-{S}tokes},
 BOOKTITLE = {Uncertainty quantification in computational fluid dynamics},
    SERIES = {Lect. Notes Comput. Sci. Eng.},
    VOLUME = {92},
     PAGES = {193--223},
 PUBLISHER = {Springer, Heidelberg},
      YEAR = {2013},
   MRCLASS = {76D06 (65M75)},
  MRNUMBER = {3202525},
       DOI = {10.1007/978-3-319-00885-1_5},
       COMMENTURL = {https://doi.org/10.1007/978-3-319-00885-1_5},
}
		

@article {HesthavenXiu2005,
    AUTHOR = {Xiu, Dongbin and Hesthaven, Jan S.},
     TITLE = {High-order collocation methods for differential equations with
              random inputs},
   JOURNAL = {SIAM J. Sci. Comput.},
  FJOURNAL = {SIAM Journal on Scientific Computing},
    VOLUME = {27},
      YEAR = {2005},
    NUMBER = {3},
     PAGES = {1118--1139},
      ISSN = {1064-8275},
   MRCLASS = {65C30},
  MRNUMBER = {2199923},
       COMMENTURL = {https://doi.org/10.1137/040615201},
}

@article {WanKarniadakis2006a,
    AUTHOR = {Wan, Xiaoliang and Karniadakis, George Em},
     TITLE = {Multi-element generalized polynomial chaos for arbitrary
              probability measures},
   JOURNAL = {SIAM J. Sci. Comput.},
  FJOURNAL = {SIAM Journal on Scientific Computing},
    VOLUME = {28},
      YEAR = {2006},
    NUMBER = {3},
     PAGES = {901--928},
      ISSN = {1064-8275},
       COMMENTURL = {https://doi.org/10.1137/050627630},
}
@article {WanKarniadakis2006b,
    AUTHOR = {Wan, Xiaoliang and Karniadakis, George Em},
     TITLE = {Long-term behavior of polynomial chaos in stochastic flow
              simulations},
   JOURNAL = {Comput. Methods Appl. Mech. Engrg.},
  FJOURNAL = {Computer Methods in Applied Mechanics and Engineering},
    VOLUME = {195},
      YEAR = {2006},
    NUMBER = {41-43},
     PAGES = {5582--5596},
      ISSN = {0045-7825},
   MRCLASS = {65P20 (60H15 76M35)},
  MRNUMBER = {2243318},
       DOI = {10.1016/j.cma.2005.10.016},
       COMMENTURL = {https://doi.org/10.1016/j.cma.2005.10.016},
}

@article {WanKarniadakis2005,
    AUTHOR = {Wan, Xiaoliang and Karniadakis, George Em},
     TITLE = {An adaptive multi-element generalized polynomial chaos method
              for stochastic differential equations},
   JOURNAL = {J. Comput. Phys.},
  FJOURNAL = {Journal of Computational Physics},
    VOLUME = {209},
      YEAR = {2005},
    NUMBER = {2},
     PAGES = {617--642},
      ISSN = {0021-9991},
   MRCLASS = {65C30 (60H15 60H35)},
  MRNUMBER = {2151997},
MRREVIEWER = {Anatoly V. Zherelo},
       COMMENTURL = {https://doi.org/10.1016/j.jcp.2005.03.023},
}

@incollection {DespresPoetteLucor2013,
    AUTHOR = {Despr\'es, Bruno and Po\"ette, Ga\"el and Lucor, Didier},
     TITLE = {Robust uncertainty propagation in systems of conservation laws
              with the entropy closure method},
 BOOKTITLE = {Uncertainty quantification in computational fluid dynamics},
    SERIES = {Lect. Notes Comput. Sci. Eng.},
    VOLUME = {92},
     PAGES = {105--149},
 PUBLISHER = {Springer, Heidelberg},
      YEAR = {2013},
   MRCLASS = {35L65 (35L45 35Q35)},
  MRNUMBER = {3202523},
       DOI = {10.1007/978-3-319-00885-1_3},
       COMMENTURL = {https://doi.org/10.1007/978-3-319-00885-1_3},
}

@article {WoodwardColella1984,
    AUTHOR = {Woodward, Paul and Colella, Phillip},
     TITLE = {The numerical simulation of two-dimensional fluid flow with
              strong shocks},
   JOURNAL = {J. Comput. Phys.},
  FJOURNAL = {Journal of Computational Physics},
    VOLUME = {54},
      YEAR = {1984},
    NUMBER = {1},
     PAGES = {115--173},
      ISSN = {0021-9991},
   MRCLASS = {76-08 (76L05)},
  MRNUMBER = {748569},
       DOI = {10.1016/0021-9991(84)90142-6},
       COMMENTURL = {https://doi.org/10.1016/0021-9991(84)90142-6},
}

@article{Bassi1997,
     TITLE = {A high-order accurate discontinuous finite element method for the numerical solution of the compressible {N}avier--{S}tokes equations},
    AUTHOR = {Bassi, F. and Rebay, S.},
   JOURNAL = {J. Comput. Phys.},
    VOLUME = {131},
    NUMBER = {2},
     PAGES = {267--279},
      YEAR = {1997},
 PUBLISHER = {Elsevier}
}

@book {PetterssonIaccarionNordstroem2015,
    AUTHOR = {Pettersson, Mass Per and Iaccarino, Gianluca and Nordstr\"{o}m,
              Jan},
     TITLE = {Polynomial chaos methods for hyperbolic partial differential
              equations},
    SERIES = {Mathematical Engineering},
      NOTE = {Numerical techniques for fluid dynamics problems in the
              presence of uncertainties},
 PUBLISHER = {Springer, Cham},
      YEAR = {2015},
     PAGES = {xii+214},
      ISBN = {978-3-319-10713-4; 978-3-319-10714-1},
   MRCLASS = {65-02 (35L50 60H25 65Cxx 76-02)},
  MRNUMBER = {3328389},
MRREVIEWER = {Philipp D\"{o}rsek},
       DOI = {10.1007/978-3-319-10714-1},
       COMMENTURL = {https://doi.org/10.1007/978-3-319-10714-1},
}



@article{Pettersson2014,
    AUTHOR = {Pettersson, Per and Iaccarino, Gianluca and Nordstr{\ifmmode \ddot{o} \else \"{o}\fi}m, Jan},
     TITLE = {{A stochastic Galerkin method for the Euler equations with Roe variable transformation}},
   JOURNAL = {J. Comput. Phys.},
      YEAR = {2014},
     MONTH = {Jan},
      ISSN = {0021-9991},
 PUBLISHER = {Elsevier BV},
       DOI = {10.1016/j.jcp.2013.10.011}
}

@article{Sonday2011,
    AUTHOR = {Sonday, Benjamin E. and Berry, Robert D. and Najm, Habib N. and Debusschere, Bert J.},
     TITLE = {{Eigenvalues of the Jacobian of a Galerkin-projected uncertain ODE system}},
   JOURNAL = {SIAM J. Sci. Comput.},
  FJOURNAL = {SIAM Journal on Scientific Computing},
      YEAR = {2011},
     MONTH = {Jun},
 PUBLISHER = {Society for Industrial and Applied Mathematics},
       COMMENTURL = {https://epubs.siam.org/doi/abs/10.1137/100785922}
}



@inbook{Persson2006,
    AUTHOR = {Per-Olof Persson and Jaime Peraire},
     TITLE = {Sub-cell shock capturing for discontinuous {G}alerkin methods},
 BOOKTITLE = {44th AIAA Aerospace Sciences Meeting and Exhibit},
   CHAPTER = {},
     PAGES = {},
      YEAR = {2006},
       DOI = {10.2514/6.2006-112},
       COMMENTURL = {https://arc.aiaa.org/doi/abs/10.2514/6.2006-112},
}


@inbook{Jameson1981,
    AUTHOR = {Jameson, A. and Schmidt, W. and Turkel, E.},
     TITLE = {Numerical solution of the {E}uler equations by finite volume methods using {R}unge {K}utta time stepping schemes},
 BOOKTITLE = {14th Fluid and Plasma Dynamics Conference},
   CHAPTER = {},
     PAGES = {},
      YEAR = {1981},
       DOI = {10.2514/6.1981-1259},
       COMMENTURL = {https://arc.aiaa.org/doi/abs/10.2514/6.1981-1259},
}

@article{Chalmers2019,
     TITLE = {{A parallel hp-adaptive high order discontinuous Galerkin method for the incompressible Navier-Stokes equations}},
   JOURNAL = "J. Comput. Phys.: X",
    VOLUME = "2",
     PAGES = "100023",
      YEAR = "2019",
      ISSN = "2590-0552",
       DOI = "10.1016/j.jcpx.2019.100023",
       COMMENTURL = "http://www.sciencedirect.com/science/article/pii/S2590055219300393",
    AUTHOR = "N. Chalmers and G. Agbaglah and M. Chrust and C. Mavriplis",
}

@article {Pettersson2016,
    AUTHOR = {Pettersson, Per and Nordstr\"{o}m, Jan and Doostan, Alireza},
     TITLE = {A well-posed and stable stochastic {G}alerkin formulation of
              the incompressible {N}avier-{S}tokes equations with random data},
   JOURNAL = {J. Comput. Phys.},
  FJOURNAL = {Journal of Computational Physics},
    VOLUME = {306},
      YEAR = {2016},
     PAGES = {92--116},
      ISSN = {0021-9991},
   MRCLASS = {76D06 (76M10)},
  MRNUMBER = {3432343},
MRREVIEWER = {Gheorghe Procopiuc},
       DOI = {10.1016/j.jcp.2015.11.027},
       COMMENTURL = {https://doi.org/10.1016/j.jcp.2015.11.027},
}

@inproceedings{Kantarakias2017,
     TITLE = {{On the development of the 3D Euler equations using intrusive PCE for uncertainty quantification}},
 BOOKTITLE = {Proceedings of UNCECOMP - 2nd ECCOMAS Thematic Conference on Uncertainty Quantification in Computational Sciences and Engineering},
    AUTHOR = {Kyriakos Dimitrios Kantarakias and Michalis Chatzimanolakis and V. G. Asouti and Kyriakos C. Giannakoglou},
      YEAR = {2017}
}

@article{Krais2019,
    author = {Krais, Nico and Beck, Andrea and Bolemann, Thomas and Frank, Hannes and Flad, David and Gassner, Gregor and Hindenlang, Florian and Hoffmann, Malte and Kuhn, Thomas and Sonntag, Matthias and Munz, Claus-Dieter},
    title = {{FLEXI: A high order discontinuous Galerkin framework for hyperbolic{\textendash}parabolic conservation laws}},
    journal = {Comput. Math. Appl.},
    volume = {81},
    pages = {186--219},
    year = {2021},
    month = {Jan},
    issn = {0898-1221},
    publisher = {Pergamon},
    doi = {10.1016/j.camwa.2020.05.004}
}

@article{Dakota,
  title = {Dakota, a multilevel parallel object-oriented framework for design optimization, parameter estimation, uncertainty quantification, and sensitivity analysis},
  author = {Adams, Brian M. and Ebeida, Mohamed Salah and Eldred, Michael S. and Jakeman, John Davis and Swiler, Laura Painton and Stephens, John Adam and Vigil, Dena M. and Wildey, Timothy Michael and Bohnhoff, William J. and Eddy, John P. and Hu, Kenneth T. and Dalbey, Keith R. and Bauman, Lara E and Hough, Patricia Diane},
  doi = {10.2172/1177077},
  url = {https://www.osti.gov/biblio/1177077}, 
  journal = {},
  number = {},
  volume = {},
  place = {United States},
  year = {2014},
  month = {5}
} 

% UQPy
@article{Olivier2020,
    author = {Olivier, Audrey and Giovanis, Dimitris G. and Aakash, B. S. and Chauhan, Mohit and Vandanapu, Lohit and Shields, Michael D.},
    title = {{UQpy: A general purpose Python package and development environment for uncertainty quantification}},
    journal = {J. Comput. Sci.},
    volume = {47},
    pages = {101204},
    year = {2020},
    month = {Nov},
    issn = {1877-7503},
    publisher = {Elsevier},
    doi = {10.1016/j.jocs.2020.101204}
}

%UQ Toolkit 1
@ARTICLE{DebusscherePCE2004,
    author   =  {B.J. Debusschere and H.N. Najm and P.P. Pebay and O.M. Knio
                     and R.G. Ghanem and O.P. {Le Maitre}},
    title    =  {Numerical challenges in the use of polynomial chaos representations
                       for stochastic processes},
    journal  =  {{SIAM} J. Sci. Comput.},
    year     =  {2004},
    volume   =  {26},
    pages    =  {698-719},
    number   =  {2},
    doi      =  {10.1137/S1064827503427741},
    COMMENTurl      =  {http://dx.doi.org/10.1137/S1064827503427741}
}

%UQ Toolkit 2
@InCollection{DebusschereUQTk2017,
    author    = {B. Debusschere and K. Sargsyan and C. Safta and K. Chowdhary},
    title     = {The uncertainty quantification toolkit (UQTk)},
    booktitle = {Handbook of Uncertainty Quantification},
    editor    = {R. Ghanem and D. Higdon and H. Owhadi},
    year      = {2017},
    pages     = {1807--1827},
    publisher = {Springer},
    COMMENTurl       = {http://www.springer.com/us/book/9783319123844}
}

@article{PyMLMCSukys2017,
    author = {{\ifmmode\check{S}\else\v{S}\fi}ukys, Jonas and Rasthofer, Ursula and Wermelinger, Fabian and Hadjidoukas, Panagiotis and Koumoutsakos, Petros},
    title = {{Optimal fidelity multi-level Monte Carlo for quantification of uncertainty in simulations of cloud cavitation collapse}},
    journal = {arXiv},
    year = {2017},
    month = {May},
    url = {https://arxiv.org/abs/1705.04374v1}
}

@article{ChaosPyFeinberg2015,
    author = {Feinberg, Jonathan and Langtangen, Hans Petter},
    title = {{Chaospy: An open source tool for designing methods of uncertainty quantification}},
    journal = {J. Comput. Sci.},
    volume = {11},
    pages = {46--57},
    year = {2015},
    month = {Nov},
    issn = {1877-7503},
    publisher = {Elsevier},
    doi = {10.1016/j.jocs.2015.08.008}
}

@article{Zhang2021,
    author = {Zhang, Jiaxin},
    title = {{Modern Monte Carlo methods for efficient uncertainty quantification and propagation: A survey}},
    journal = {WIREs Comput. Stat.},
    volume = {13},
    number = {5},
    year = {2021},
    month = {Sep},
    issn = {1939-5108},
    publisher = {John Wiley {\&} Sons, Ltd},
    doi = {10.1002/wics.1539}
}

@inbook{EldredNISPSurvey,
  author = {Michael Eldred and John Burkardt},
  title = {Comparison of non-intrusive polynomial chaos and stochastic collocation methods for uncertainty quantification},
  booktitle = {47th AIAA Aerospace Sciences Meeting including The New Horizons Forum and Aerospace Exposition},
  chapter = {},
  pages = {},
  doi = {10.2514/6.2009-976},
  COMMENTURL = {https://arc.aiaa.org/doi/abs/10.2514/6.2009-976},
  eprint = {https://arc.aiaa.org/doi/pdf/10.2514/6.2009-976}
}

@article{Peherstorfer2018,
    author = {Peherstorfer, Benjamin and Willcox, Karen and Gunzburger, Max},
    title = {{Survey of multifidelity methods in uncertainty propagation, inference, and optimization}},
    journal = {SIAM Rev.},
    year = {2018},
    month = {Aug},
    publisher = {Society for Industrial and Applied Mathematics},
    doi = {10.1137/16M1082469},
    COMMENTurl = {https://epubs.siam.org/doi/10.1137/16M1082469}
}

@article{Peherstorfer2016,
    author = {Peherstorfer, Benjamin and Willcox, Karen and Gunzburger, Max},
    title = {{Optimal model management for multifidelity Monte Carlo estimation}},
    journal = {SIAM J. Sci. Comput.},
    year = {2016},
    month = {Oct},
    publisher = {Society for Industrial and Applied Mathematics},
    doi = {10.1137/15M1046472},
    COMMENTurl = {https://epubs.siam.org/doi/10.1137/15M1046472}
}

@article{Yu1977,
  author = {Yu, Yung H.},
  title = {{Measurements of sound radiation from cavities at subsonic speeds}},
  journal = {Journal of Aircraft},
  year = {1977},
  month = {May},
  doi = {10.2514/3.58863}
}

@article{Zhang2016Trains,
  author = {Zhang, Yadong and Zhang, Jiye and Li, Tian and Zhang, Liang and Zhang, Weihua},
  title = {{Research on aerodynamic noise reduction for high-speed trains}},
  journal = {Shock Vib.},
  volume = {2016},
  year = {2016},
  month = {Oct},
  issn = {1070-9622},
  publisher = {Hindawi Publishing Corporation},
  doi = {10.1155/2016/6031893}
}

@inbook{DeJong2010,
  author = {Arjen de Jong and Hester Bijl},
  title = {Experimental and numerical investigation of the flow-induced resonance of slender deep cavities that resemble automotive door gaps},
  booktitle = {16th AIAA/CEAS Aeroacoustics Conference},
  chapter = {},
  pages = {},
  year = {2010},
  doi = {10.2514/6.2010-3863},
  COMMENTURL = {https://arc.aiaa.org/doi/abs/10.2514/6.2010-3863},
  eprint = {https://arc.aiaa.org/doi/pdf/10.2514/6.2010-3863}
}

@article{Yamazaki2021,
  author = {Yamazaki, Masafumi and Jemcov, Aleksandar and Sakaue, Hirotaka},
  title = {{A review on the current status of icing physics and mitigation in aviation}},
  journal = {Aerospace},
  volume = {8},
  number = {7},
  pages = {188},
  year = {2021},
  month = {Jul},
  issn = {2226-4310},
  publisher = {Multidisciplinary Digital Publishing Institute},
  doi = {10.3390/aerospace8070188}
}

@article{Gao2021,
  author = {Gao, Linyue and Tao, Tao and Liu, Yongqian and Hu, Hui},
  title = {{A field study of ice accretion and its effects on the power production of utility-scale wind turbines}},
  journal = {Renewable Energy},
  volume = {167},
  pages = {917--928},
  year = {2021},
  month = {Apr},
  issn = {0960-1481},
  publisher = {Pergamon},
  doi = {10.1016/j.renene.2020.12.014}
}

@article{Barber2011,
  author = {Barber, S. and Wang, Y. and Jafari, S. and Chokani, N. and Abhari, R. S.},
  title = {{The impact of ice formation on wind turbine performance and aerodynamics}},
  journal = {J. Sol. Energy Eng.},
  volume = {133},
  number = {1},
  year = {2011},
  month = {Feb},
  issn = {0199-6231},
  publisher = {ASME Digital Collection},
  doi = {10.1115/1.4003187}
}

@Inbook{Sullivan2015,
  author="Sullivan, T. J.",
  title="Stochastic Galerkin Methods",
  bookTitle="Introduction to uncertainty quantification",
  year="2015",
  publisher="Springer International Publishing",
  address="Cham",
  pages="251--276",
  isbn="978-3-319-23395-6",
  doi="10.1007/978-3-319-23395-6_12",
  COMMENTurl="https://doi.org/10.1007/978-3-319-23395-6_12"
}

@book{Kopriva2009,
  author = {Kopriva, David},
  title = {{Implementing spectral methods for partial differential equations}},
  year = {2009},
  isbn = {978-90-481-2260-8},
  publisher = {Springer Netherlands},
  address = {Dordrecht, The Netherlands},
  doi = {10.1007/978-90-481-2261-5}
}

@article{Soize2005,
    author = {Soize, C.},
    title = {{A comprehensive overview of a non-parametric probabilistic approach of model uncertainties for predictive models in structural dynamics}},
    journal = {J. Sound Vib.},
    volume = {288},
    number = {3},
    pages = {623--652},
    year = {2005},
    month = {Dec},
    issn = {0022-460X},
    publisher = {Academic Press},
    doi = {10.1016/j.jsv.2005.07.009}
}

@article{Hadjidoukas2015,
  author = {Hadjidoukas, P. E. and Angelikopoulos, P. and Papadimitriou, C. and Koumoutsakos, P.},
  title = {{{$\Pi$}4U: A high performance computing framework for Bayesian uncertainty quantification of complex models}},
  journal = {J. Comput. Phys.},
  volume = {284},
  pages = {1--21},
  year = {2015},
  month = {Mar},
  issn = {0021-9991},
  publisher = {Academic Press},
  doi = {10.1016/j.jcp.2014.12.006}
}



@inbook{Bravo2020,
  author = {Luis G. Bravo and Muthuvel Murugan and Anindya Ghoshal and Simon Su and Rahul Koneru and Nishan Jain and Prashant Khare and Alison Flatau},
  title = {Uncertainty quantification in large eddy simulations of CMAS attack and deposition in gas turbine engines},
  booktitle = {AIAA Scitech 2021 Forum},
  chapter = {},
  pages = {},
  doi = {10.2514/6.2021-0766},
  URL = {https://arc.aiaa.org/doi/abs/10.2514/6.2021-0766},
  eprint = {https://arc.aiaa.org/doi/pdf/10.2514/6.2021-0766},
}

@article{VanDam2016,
  author = {Van Dam, Noah and Rutland, Chris},
  title = {{Uncertainty Quantification of Large-Eddy Spray Simulations}},
  journal = {J. Verif. Validation Uncertainty Quantif.},
  volume = {1},
  number = {2},
  year = {2016},
  month = {Jun},
  issn = {2377-2158},
  publisher = {ASME Digital Collection},
  doi = {10.1115/1.4032196}
}

@article{Rezaeiravesh2018,
  author = {Rezaeiravesh, Saleh and Mukha, Timofey and Liefvendahl, Mattias},
  title = {{Systematic study of accuracy of wall-modeled large eddy simulation using uncertainty quantification techniques}},
  journal = {arXiv},
  year = {2018},
  month = {Oct},
  eprint = {1810.05213},
  doi = {10.1016/j.compfluid.2019.03.025}
}

@article{Rezaeiravesh2021,
  author = {Rezaeiravesh, Saleh and Vinuesa, Ricardo and Schlatter, Philipp},
  title = {{On numerical uncertainties in scale-resolving simulations of canonical wall turbulence}},
  journal = {Comput. Fluids},
  volume = {227},
  pages = {105024},
  year = {2021},
  month = {Sep},
  issn = {0045-7930},
  publisher = {Pergamon},
  doi = {10.1016/j.compfluid.2021.105024}
}

@article{Flora2021,
  author = {Flora, K. and Khosronejad, A.},
  title = {{Uncertainty quantification of large-eddy simulation results of riverine flows: A field and numerical study}},
  journal = {arXiv},
  year = {2021},
  month = {Apr},
  eprint = {2105.00084},
  url = {https://arxiv.org/abs/2105.00084v1}
}

@article{Marelli2014,
  author = {Marelli, Stefano and Sudret, Bruno},
  title = {{UQLab: A framework for uncertainty quantification in Matlab}},
  journal = {American Society of Civil Engineers},
  pages = {2554--2563},
  year = {2014},
  month = {Jul},
  publisher = {American Society of Civil Engineers},
  doi = {10.1061/9780784413609.257}
}

@article{Jofre2020,
  author = {Jofre, Lluis and Papadakis, M. and Roy, P. T. and Aiken, A. and Iaccarino, G.},
  title = {Multifidelity modeling of irradiated particle-laden turbulence subject to uncertainty},
  journal = {IJUQ},
  volume = {10},
  number = {6},
  year = {2020},
  issn = {2152-5080},
  publisher = {Begel House Inc.},
  doi = {10.1615/Int.J.UncertaintyQuantification.2020032236}
}

@article{Valero2021,
  author = {Valero, Mario Miguel and Jofre, Llu{\ifmmode\acute{\imath}\else\'{\i}\fi}s and Torres, Ricardo},
  title = {{Multifidelity prediction in wildfire spread simulation: Modeling, uncertainty quantification and sensitivity analysis}},
  journal = {Environ. Model. Software},
  volume = {141},
  pages = {105050},
  year = {2021},
  month = {Jul},
  issn = {1364-8152},
  publisher = {Elsevier},
  doi = {10.1016/j.envsoft.2021.105050}
}

@article{Masquelet2017,
  author = {Masquelet, Matthieu and Yan, Jin and Dord, Anne and Laskowski, Gregory and Shunn, Lee and Jofre, Lluis and Iaccarino, Gianluca},
  title = {{Uncertainty Quantification in large eddy simulations of a rich-dome aviation gas turbine}},
  journal = {ASME Digital Collection},
  year = {2017},
  month = {Aug},
  publisher = {ASME Digital Collection},
  doi = {10.1115/GT2017-64835}
}


@inbook{Bijl2007,
  author = {G.J.A. Loeven and J.A.S. Witteveen and H. Bijl},
  title = {Probabilistic collocation: An efficient non-intrusive approach for arbitrarily distributed parametric uncertainties},
  booktitle = {45th AIAA Aerospace Sciences Meeting and Exhibit},
  chapter = {},
  pages = {},
  year = {2007},
  doi = {10.2514/6.2007-317},
  COMMENTURL = {https://arc.aiaa.org/doi/abs/10.2514/6.2007-317},
  eprint = {https://arc.aiaa.org/doi/pdf/10.2514/6.2007-317}
}

@inbook{Hosder2007,
  author = {Serhat Hosder and Robert Walters and Michael Balch},
  title = {Efficient sampling for non-intrusive polynomial chaos applications with multiple uncertain input variables},
  booktitle = {48th AIAA/ASME/ASCE/AHS/ASC Structures, Structural Dynamics, and Materials Conference},
  chapter = {},
  pages = {},
  year = {2007},
  doi = {10.2514/6.2007-1939},
  COMMENTURL = {https://arc.aiaa.org/doi/abs/10.2514/6.2007-1939},
  eprint = {https://arc.aiaa.org/doi/pdf/10.2514/6.2007-1939}
}

@article{Gorodetsky2020,
  author = {Gorodetsky, Alex A. and Geraci, Gianluca and Eldred, Michael S. and Jakeman, John D.},
  title = {{A generalized approximate control variate framework for multifidelity uncertainty quantification}},
  journal = {J. Comput. Phys.},
  volume = {408},
  pages = {109257},
  year = {2020},
  month = {May},
  issn = {0021-9991},
  publisher = {Academic Press},
  doi = {10.1016/j.jcp.2020.109257}
}



@inbook{Geraci2017,
  author = {Gianluca Geraci and Michael S. Eldred and Gianluca Iaccarino},
  title = {A multifidelity multilevel Monte Carlo method for uncertainty propagation in aerospace applications},
  booktitle = {19th AIAA Non-Deterministic Approaches Conference},
  chapter = {},
  pages = {},
  year = {2017},
  doi = {10.2514/6.2017-1951},
  COMMENTURL = {https://arc.aiaa.org/doi/abs/10.2514/6.2017-1951},
  eprint = {https://arc.aiaa.org/doi/pdf/10.2514/6.2017-1951}
}

@article{HajiAli2016,
  author = {Haji-Ali, Abdul-Lateef and Nobile, Fabio and Tempone, Ra{\ifmmode\acute{u}\else\'{u}\fi}l},
  title = {{Multi-index Monte Carlo: when sparsity meets sampling}},
  journal = {Numer. Math.},
  volume = {132},
  number = {4},
  pages = {767--806},
  year = {2016},
  month = {Apr},
  issn = {0945-3245},
  publisher = {Springer Berlin Heidelberg},
  doi = {10.1007/s00211-015-0734-5}
}

@article{Durrwachter2021,
  author = {Dürrwächter, Jakob and Meyer, Fabian and Kuhn, Thomas and Beck, Andrea and Munz, Claus-Dieter and Rohde, Christian},
  title = {{A high-order stochastic Galerkin code for the compressible Euler and Navier-Stokes equations}},
  journal = {Comput. Fluids},
  volume = {228},
  pages = {105039},
  year = {2021},
  month = {Oct},
  issn = {0045-7930},
  publisher = {Pergamon},
  doi = {10.1016/j.compfluid.2021.105039}
}

@article{Motamed2018,
  author = {Motamed, Mohammad and Appel{\ifmmode\ddot{o}\else\"{o}\fi}, Daniel},
  title = {{A multi-order discontinuous Galerkin Monte Carlo method for hyperbolic problems with stochastic parameters}},
  journal = {SIAM J. Numer. Anal.},
  year = {2018},
  month = {Feb},
  publisher = {Society for Industrial and Applied Mathematics},
  doi = {10.1137/16M1086388},
  COMMENTurl = {https://epubs.siam.org/doi/abs/10.1137/16M1086388}
}


@article{Beck2020,
  author = {Beck, Andrea and Dürrwächter, Jakob and Kuhn, Thomas and Meyer, Fabian and Munz, Claus-Dieter and Rohde, Christian},
  title = {{$hp$-multilevel Monte Carlo methods for uncertainty quantification of compressible Navier--Stokes equations}},
  journal = {SIAM J. Sci. Comput.},
  year = {2020},
  month = {Aug},
  publisher = {Society for Industrial and Applied Mathematics},
  url = {10.1137/18M1210575},
  COMMENTurl = {https://epubs.siam.org/doi/abs/10.1137/18M1210575}
}

@book{Kuhn2021,
  author = {Kuhn, Thomas},
  title = {{Quantification of uncertainty in aeroacoustic cavity noise simulations with a discontinuous Galerkin solver}},
  year = {2021},
  isbn = {978-3-84394784-8},
  publisher = {Dr. Hut},
  address = {M{\ifmmode\ddot{u}\else\"{u}\fi}nchen, Germany},
  note      = {Doctoral thesis, University of Stuttgart},
  COMMENTurl = {https://books.google.de/books/about/Quantification_of_Uncertainty_in_Aeroaco.html?id=ZhGDzgEACAAJ&redir_esc=y}
}

@article{Muller2013,
  author = {M{\ifmmode\ddot{u}\else\"{u}\fi}ller, Florian and Jenny, Patrick and Meyer, Daniel W.},
  title = {{Multilevel Monte Carlo for two phase flow and Buckley{\textendash}Leverett transport in random heterogeneous porous media}},
  journal = {J. Comput. Phys.},
  volume = {250},
  pages = {685--702},
  year = {2013},
  month = {Oct},
  issn = {0021-9991},
  publisher = {Academic Press},
  doi = {10.1016/j.jcp.2013.03.023}
}

@article{Bierig2015,
  author = {Bierig, Claudio and Chernov, Alexey},
  title = {{Convergence analysis of multilevel Monte Carlo variance estimators and application for random obstacle problems}},
  journal = {Numer. Math.},
  volume = {130},
  number = {4},
  pages = {579--613},
  year = {2015},
  month = {Aug},
  issn = {0945-3245},
  publisher = {Springer Berlin Heidelberg},
  doi = {10.1007/s00211-014-0676-3}
}

@article{Pauli2015,
  author = {Pauli, Stefan and Arbenz, Peter},
  title = {{Determining optimal multilevel Monte Carlo parameters with application to fault tolerance}},
  journal = {Comput. Math. Appl.},
  volume = {70},
  number = {11},
  pages = {2638--2651},
  year = {2015},
  month = {Dec},
  issn = {0898-1221},
  publisher = {Pergamon},
  doi = {10.1016/j.camwa.2015.07.011}
}











@Article{NumPy,
  title         = {Array programming with {NumPy}},
  author        = {Charles R. Harris and K. Jarrod Millman and St{\'{e}}fan J.
                   van der Walt and Ralf Gommers and Pauli Virtanen and David
                   Cournapeau and Eric Wieser and Julian Taylor and Sebastian
                   Berg and Nathaniel J. Smith and Robert Kern and Matti Picus
                   and Stephan Hoyer and Marten H. van Kerkwijk and Matthew
                   Brett and Allan Haldane and Jaime Fern{\'{a}}ndez del
                   R{\'{i}}o and Mark Wiebe and Pearu Peterson and Pierre
                   G{\'{e}}rard-Marchant and Kevin Sheppard and Tyler Reddy and
                   Warren Weckesser and Hameer Abbasi and Christoph Gohlke and
                   Travis E. Oliphant},
  year          = {2020},
  month         = sep,
  journal       = {Nature},
  volume        = {585},
  number        = {7825},
  pages         = {357--362},
  doi           = {10.1038/s41586-020-2649-2},
  publisher     = {Springer Science and Business Media {LLC}},
  COMMENTurl           = {https://doi.org/10.1038/s41586-020-2649-2}
}


@article{Tange2011a,
  added-at = {2016-01-18T15:13:04.000+0100},
  address = {Frederiksberg, Denmark},
  author = {Tange, O.},
  biburl = {https://www.bibsonomy.org/bibtex/2ab8ea12a0dffc7a4f4d5e972c8fb4ad8/fezett},
  doi = {10.5281/zenodo.16303},
  interhash = {b829bb54862d2644509ad3d5fa2a2e09},
  intrahash = {ab8ea12a0dffc7a4f4d5e972c8fb4ad8},
  journal = {;login: The USENIX Magazine},
  keywords = {imported},
  month = Feb,
  number = 1,
  pages = {42-47},
  timestamp = {2016-01-18T15:15:28.000+0100},
  title = {GNU Parallel - The Command-Line Power Tool},
  url = {http://www.gnu.org/s/parallel},
  volume = 36,
  year = 2011
}



@article{Paulson2015,
  author = {Paulson, Chris and Ragkousis, Giorgos},
  title = {{pyKriging: A Python Kriging toolkit}},
  journal = {Zenodo},
  year = {2015},
  month = {Jul},
  doi = {10.5281/zenodo.21389}
}

@article{Qian2018,
  author = {Qian, E. and Peherstorfer, B. and O'Malley, D. and Vesselinov, V. V. and Willcox, K.},
  title = {{Multifidelity Monte Carlo estimation of variance and sensitivity indices}},
  journal = {SIAM/ASA J. Uncertainty Quantif.},
  volume = {6},
  number = {2},
  year = {2018},
  month = {May},
  issn = {2166-2525},
  publisher = {SIAM},
  doi = {10.1137/17M1151006}
}

@article{Rockwell1978,
  author = {Rockwell, D. and Naudascher, E.},
  title = {{Review{\ifmmode---\else\textemdash\fi}self-sustaining oscillations of flow past cavities}},
  journal = {J. Fluids Eng.},
  volume = {100},
  number = {2},
  pages = {152--165},
  year = {1978},
  month = {Jun},
  issn = {0098-2202},
  publisher = {ASME Digital Collection},
  doi = {10.1115/1.3448624}
}


@article{Rockwell1979Shear,
  author = {Rockwell, D. and Naudascher, E.},
  title = {{Self-sustained oscillations of impinging free shear layers}},
  journal = {Annu. Rev. Fluid Mech.},
  volume = {11},
  number = {1},
  pages = {67--94},
  year = {1979},
  month = {Jan},
  issn = {0066-4189},
  publisher = {Annual Reviews},
  doi = {10.1146/annurev.fl.11.010179.000435}
}


@inbook{Gloerfelt2009,
  author = {Gloerfelt, Xavier and Bogey, C. and Bailly, Christophe},
  year = {2009},
  pages = {},
  title = {Cavity noise},
  booktitle = {VKI Lecture notes: Aerodynamic noise from wall-bounded flows},
  publisher = {Von Karman Institute},
  doi = {10.1017/CBO9780511546143.014}
}

@article{Rossiter1964,
  author = {Rossiter, J. E.},
  title = {{Wind-tunnel experiments on the flow over rectangular cavities at subsonic and transonic speeds}},
  journal = {Aeronautical Research Council Reports and Memoranda},
  number = {Technical Report 3438},
  year = {1964},
}

@article{Heller1971,
  author = {Heller, H. H. and Holmes, D. G. and Covert, E. E.},
  title = {{Flow-induced pressure oscillations in shallow cavities}},
  journal = {J. Sound Vib.},
  volume = {18},
  number = {4},
  pages = {545--553},
  year = {1971},
  month = {Oct},
  issn = {0022-460X},
  publisher = {Academic Press},
  doi = {10.1016/0022-460X(71)90105-2}
}

@article{Rockwell1979corner,
  author = {Rockwell, D. and Knisely, C.},
  title = {{The organized nature of flow impingement upon a corner}},
  journal = {J. Fluid Mech.},
  volume = {93},
  number = {3},
  pages = {413--432},
  year = {1979},
  month = {Aug},
  issn = {0022-1120},
  publisher = {Cambridge University Press},
  doi = {10.1017/S0022112079002573}
}

@phdthesis{Erbig2021,
  author = {Erbig, Lars},
  title = {{Aeroacoustic simulation of turbulent boundary layer induced automotive gap noise}},
  year = {2021},
  note      = {University of Stuttgart},
  url = {https://elib.uni-stuttgart.de/handle/11682/11309},
  doi = {10.18419/opus-11292}
}


@inbook{Erbig2018,
  author = {Lars Erbig and Nan Hu and Sylvain Lardeau},
  title = {Experimental and numerical study of passive gap noise},
  booktitle = {2018 AIAA/CEAS Aeroacoustics Conference},
  chapter = {},
  pages = {},
  doi = {10.2514/6.2018-3595},
  COMMENTURL = {https://arc.aiaa.org/doi/abs/10.2514/6.2018-3595},
  eprint = {https://arc.aiaa.org/doi/pdf/10.2514/6.2018-3595}
}

@article{Eitel2014,
  title={Simulation and validation of a spatially evolving turbulent boundary layer up to Re$\theta$= 8300},
  author={Eitel-Amor, Georg and {\"O}rl{\"u}, Ramis and Schlatter, Philipp},
  journal={Int. J. Heat Fluid Flow},
  volume={47},
  pages={57--69},
  year={2014},
  publisher={Elsevier}
}

@article{Smits1983,
  author = {Smits, A. J. and Matheson, N. and Joubert, P. N.},
  title = "{Low-Reynolds-number turbulent boundary layers in zero and favorable pressure gradients}",
  journal = {J. Ship. Res.},
  volume = {27},
  number = {03},
  pages = {147-157},
  year = {1983},
  month = {09},
  issn = {0022-4502},
  doi = {10.5957/jsr.1983.27.3.147},
  COMMENTurl = {https://doi.org/10.5957/jsr.1983.27.3.147},
  eprint = {https://onepetro.org/JSR/article-pdf/27/03/147/2230188/sname-jsr-1983-27-3-147.pdf},
  }


@book{White1974,
  author = {White, Frank M.},
  title = {{Viscous fluid flow}},
  year = {1974},
  isbn = {978-0-07069710-2},
  publisher = {McGraw-Hill},
  address = {Maidenhead, England, UK},
  COMMENTurl = {https://books.google.de/books/about/Viscous_Fluid_Flow.html?hl=de&id=T4cpAQAAMAAJ&redir_esc=y}
}


@article{Kuhn2020,
  author = {Kuhn, Thomas and Kempf, Daniel and Beck, Andrea and Munz, Claus-Dieter},
  title = {{A novel turbulent inflow method for zonal large eddy simulations with a discontinuous Galerkin solver}},
  journal = {Preprint on ResearchGate},
  year = {2020},
  month = {May},
  url = {https://www.researchgate.net/publication/341177990_A_Novel_Turbulent_Inflow_Method_for_Zonal_Large_Eddy_Simulations_with_a_Discontinuous_Galerkin_Solver}
 }

@article{Spalding1961,
  author = {Spalding, D. B.},
  title = {{A single formula for the {\textquotedblleft}law of the wall{\textquotedblright}}},
  journal = {J. Appl. Mech.},
  volume = {28},
  number = {3},
  pages = {455--458},
  year = {1961},
  month = {Sep},
  issn = {0021-8936},
  publisher = {ASME Digital Collection},
  doi = {10.1115/1.3641728}
}

@article{Heller1971,
  author = {Heller, H. H. and Holmes, D. G. and Covert, E. E.},
  title = {{Flow-induced pressure oscillations in shallow cavities}},
  journal = {J. Sound Vib.},
  volume = {18},
  number = {4},
  pages = {545--553},
  year = {1971},
  month = {Oct},
  issn = {0022-460X},
  publisher = {Academic Press},
  doi = {10.1016/0022-460X(71)90105-2}
}

@article{Vreman2004,
  author = {Vreman,A. W. },
  title = {An eddy-viscosity subgrid-scale model for turbulent shear flow:  Algebraic theory and applications},
  journal = {Phys. Fluids},
  volume = {16},
  number = {10},
  pages = {3670-3681},
  year = {2004},
  doi = {10.1063/1.1785131},
  COMMENTURL = {https://doi.org/10.1063/1.1785131},
}

@article{Gassner2016,
  title={Split form nodal discontinuous Galerkin schemes with summation-by-parts property for the compressible Euler equations},
  author={Gassner, Gregor J and Winters, Andrew R and Kopriva, David A},
  journal={J. Comput. Phys.},
  volume={327},
  pages={39--66},
  year={2016},
  publisher={Elsevier}
}

@article{Pirozzoli2011,
  title={Numerical methods for high-speed flows},
  author={Pirozzoli, Sergio},
  journal={Annu. Rev. Fluid Mech.},
  volume={43},
  pages={163--194},
  year={2011},
  publisher={Annual Reviews}
}


@article{Shlens14,
  author    = {Jonathon Shlens},
  title     = {A tutorial on principal component analysis},
  journal   = {CoRR},
  volume    = {abs/1404.1100},
  year      = {2014},
  url       = {http://arxiv.org/abs/1404.1100},
  eprinttype = {arXiv},
  eprint    = {1404.1100},
  timestamp = {Mon, 13 Aug 2018 16:46:55 +0200},
  biburl    = {https://dblp.org/rec/journals/corr/Shlens14.bib},
  bibsource = {dblp computer science bibliography, https://dblp.org}
}

@inbook{DeGennaroData2015,
  author = {Anthony DeGennaro and Clarence W. Rowley and Luigi Martinelli},
  title = {Data-driven low-dimensional modeling and uncertainty quantification for airfoil icing},
  booktitle = {33rd AIAA Applied Aerodynamics Conference},
  chapter = {},
  year={2015},
  pages = {},
  doi = {10.2514/6.2015-3383},
  COMMENTURL = {https://arc.aiaa.org/doi/abs/10.2514/6.2015-3383},
  eprint = {https://arc.aiaa.org/doi/pdf/10.2514/6.2015-3383}
}

@article{DeGennaroHeuristic2015,
  author = {DeGennaro, Anthony M. and Rowley, Clarence W. and Martinelli, Luigi},
  title = {Uncertainty quantification for airfoil icing using polynomial chaos expansions},
  journal = {Journal of Aircraft},
  volume = {52},
  number = {5},
  pages = {1404-1411},
  year = {2015},
  doi = {10.2514/1.C032698}, 
  COMMENTURL = { https://doi.org/10.2514/1.C032698},
  eprint = { https://doi.org/10.2514/1.C032698},
}


@article{Viken1987,
  title={Design of the low-speed NLF(1)-0414F and the high-speed HSNLF(1)-0213 airfoils with high-lift systems},
  author={Jeffrey K. Viken and Sally A. Watson-Viken and Werner Pfenninger and Harry L. Morgan and Richard L. Campbell},
  journal = {Research in Natural Laminar Flow and Laminar-Flow Control, Part 3},
  publisher={NASA},
  pages = {},
  year={1987}
}

@article{Addy2000,
  title={Ice accretions and icing effects for modern airfoils},
  author={Harold E. Addy},
  year={2000},
  pages = {},
  journal = {NASA/TP--2000-210031},
  url = {https://ntrs.nasa.gov/api/citations/20000044552/downloads/20000044552.pdf},
}

@article{Maaten2008,
  author = {L.J.P. van der Maaten and E. O. Postma and H. J. van den Herik},
  title = { Dimensionality reduction: A comparative review},
  note={Tilburg centre for Creative Computing},
  journal = {TR 009–005},
  pages = {},
  year = {2008}
}

@article{Pearson1901,
  author = {Karl Pearson F.R.S.},
  title = {LIII. On lines and planes of closest fit to systems of points in space},
  journal = {The London, Edinburgh, and Dublin Philosophical Magazine and Journal of Science},
  volume = {2},
  number = {11},
  pages = {559-572},
  year  = {1901},
  publisher = {Taylor and Francis},
  doi = {10.1080/14786440109462720},
  COMMENTURL = { https://doi.org/10.1080/14786440109462720 },
  eprint = { https://doi.org/10.1080/14786440109462720 }
}

@article{Bragg2005,
  title = {Iced-airfoil aerodynamics},
  journal = {Prog. Aerosp. Sci.},
  volume = {41},
  number = {5},
  pages = {323-362},
  year = {2005},
  issn = {0376-0421},
  doi = {10.1016/j.paerosci.2005.07.001},
  COMMENTurl = {https://www.sciencedirect.com/science/article/pii/S0376042105000801},
  author = {M.B. Bragg and A.P. Broeren and L.A. Blumenthal},
}


@inproceedings{Botta1999,
  title = {Ice accretion at Arcua Spruzza and its effects on wind turbine operation and loss of energy production},
  author = {G. Botta and M. Cavaliere and Hannele Holttinen},
  year = {1999},
  language = {English},
  pages = {77--86},
  booktitle = {BOREAS IV Wind Energy Production in Cold Climate},
  publisher = {Finnish Meteorological Institute},
  address = {Finland},
}


@book{Tammelin2000,
  title = {Wind energy production in cold climate (WECO)},
  author = {B. Tammelin and A. B{\"o}hringer and M. Cavaliere and H. Holttinen and C. Morgan and H. Seifert and K. S{\"a}ntti and P. V{\o}lund},
  year = {2000},
  language = {English},
  publisher = {Finnish Meteorological Institute},
}

@article{Tammelin1998,
  title = {BOREAS IV.},
  journal = {DEWI Magazin},
  number = {13},
  pages = {67-70},
  year = {1998},
  address = {Wilhelmshaven, Germany},
  author = {B. Tammelin and H. Seifert and K. Diamantaras}
}

@inbook{Addy2003,
  author = {Harold E. Addy and Andy Broeren and Joseph Zoeckler and Sam Lee},
  title = {A wind tunnel study of icing effects on a business jet airfoil},
  booktitle = {41st Aerospace Sciences Meeting and Exhibit},
  year = {2003},
  chapter = {},
  pages = {},
  doi = {10.2514/6.2003-727},
  COMMENTURL = {https://arc.aiaa.org/doi/abs/10.2514/6.2003-727},
  eprint = {https://arc.aiaa.org/doi/pdf/10.2514/6.2003-727}
}

@article{Hospers2011,
  author = {Hospers, Jacco and Hoeijmakers, H.},
  year = {2011},
  month = {06},
  pages = {},
  title = {Numerical simulation of SLD ice accretions},
  volume = {2},
  journal = {SAE Technical Papers},
  doi = {10.4271/2011-38-0071}
}

@inbook{Lee1999,
  author = {Sam Lee and Michael Bragg},
  title = {Effects of simulated-spanwise-ice shapes on airfoils - Experimental investigation},
  booktitle = {37th Aerospace Sciences Meeting and Exhibit},
  year = {1999},
  chapter = {},
  pages = {},
  doi = {10.2514/6.1999-92},
  COMMENTURL = {https://arc.aiaa.org/doi/abs/10.2514/6.1999-92},
  eprint = {https://arc.aiaa.org/doi/pdf/10.2514/6.1999-92}
}

@article{Brumby1979,
  author = {Ralph Brumby},
  year = {1979},
  month = {01},
  pages = {2-7},
  title = {Wing surface roughness - Cause and effect},
  volume = {12},
  journal = {DC Flight Approach}
}

@article{Geuzain2009Gmsh,
  author = {Geuzaine, Christophe and Remacle, Jean-François},
  title = {Gmsh: A 3-D finite element mesh generator with built-in pre- and post-processing facilities},
  journal = {Int. J. Numer. Methods Eng.},
  volume = {79},
  number = {11},
  pages = {1309-1331},
  keywords = {computer-aided design, mesh generation, post-processing, finite element method, open-source software},
  doi = {10.1002/nme.2579},
  COMMENTurl = {https://onlinelibrary.wiley.com/doi/abs/10.1002/nme.2579},
  eprint = {https://onlinelibrary.wiley.com/doi/pdf/10.1002/nme.2579},
  year = {2009}
}

@incollection{HOPR,
  title = {Mesh curving techniques for high order discontinuous Galerkin simulations},
  author = {F. Hindenlang and T. Bolemann and C-D. Munz},
  date = {2015-01-01},
  booktitle = {IDIHOM: Industrialization of High-Order Methods-A Top-Down Approach},
  pages = {133--152},
  publisher = {Springer}
}


@article{Georgiadis2010,
  author = {Georgiadis, Nicholas J. and Rizzetta, Donald P. and Fureby, Christer},
  title = {Large-eddy simulation: Current capabilities, recommended practices, and future research},
  journal = {AIAA Journal},
  volume = {48},
  number = {8},
  pages = {1772-1784},
  year = {2010},
  doi = {10.2514/1.J050232},
  COMMENTURL = { https://doi.org/10.2514/1.J050232 },
  eprint = { https://doi.org/10.2514/1.J050232 }
}


@article{Piomelli2002,
  author = {Piomelli, Ugo and Balaras, Elias},
  title = {Wall-layer models for large-eddy simulations},
  journal = {Annu. Rev. Fluid Mech.},
  volume = {34},
  number = {1},
  pages = {349-374},
  year = {2002},
  doi = {10.1146/annurev.fluid.34.082901.144919},
  COMMENTURL = { https://doi.org/10.1146/annurev.fluid.34.082901.144919 },
  eprint = { https://doi.org/10.1146/annurev.fluid.34.082901.144919 } ,
}


@Article{Yamazaki2021,
  AUTHOR = {Yamazaki, Masafumi and Jemcov, Aleksandar and Sakaue, Hirotaka},
  TITLE = {A review on the current status of icing physics and mitigation in aviation},
  JOURNAL = {Aerospace},
  VOLUME = {8},
  YEAR = {2021},
  NUMBER = {7},
  ARTICLE-NUMBER = {188},
  COMMENTURL = {https://www.mdpi.com/2226-4310/8/7/188},
  ISSN = {2226-4310},
  DOI = {10.3390/aerospace8070188}
}

@article{Parent2011,
  title = {Anti-icing and de-icing techniques for wind turbines: Critical review},
  journal = {Cold Reg. Sci. Technol.},
  volume = {65},
  number = {1},
  pages = {88-96},
  year = {2011},
  note = {Anti-Icing and De-Icing Techniques},
  issn = {0165-232X},
  doi = {10.1016/j.coldregions.2010.01.005},
  COMMENTurl = {https://www.sciencedirect.com/science/article/pii/S0165232X10000108},
  author = {Olivier Parent and Adrian Ilinca},
  keywords = {Icing, De-icing, Anti-icing, Icing measurement, Wind turbine},
}



@article{Janjua2018,
  author = {Janjua,Zaid A.  and Turnbull,Barbara  and Hibberd,Stephen  and Choi,Kwing-So },
  title = {Mixed ice accretion on aircraft wings},
  journal = {Phys. Fluids},
  volume = {30},
  number = {2},
  pages = {027101},
  year = {2018},
  doi = {10.1063/1.5007301},
  COMMENTURL = { https://doi.org/10.1063/1.5007301 },
  eprint = { https://doi.org/10.1063/1.5007301 } 
}

@article{Gurbacki2003,
  author = {Gurbacki, Holly Marie},
  title = {Ice-induced unsteady flowfield effects on airfoil performance},
  journal = {Dissertation},
  publisher = {University of Illinois},
  year = {2003},
  doi = {10.2514/1.J050232},
  COMMENTURL = { http://hdl.handle.net/2142/85080},
}


@inbook{Kim1999,
  author = {Han Kim and Michael Bragg},
  title = {Effects of leading-edge ice accretion geometry on airfoil performance},
  booktitle = {17th Applied Aerodynamics Conference},
  year = {1999},
  chapter = {},
  pages = {},
  doi = {10.2514/6.1999-3150},
  COMMENTURL = {https://arc.aiaa.org/doi/abs/10.2514/6.1999-3150},
  eprint = {https://arc.aiaa.org/doi/pdf/10.2514/6.1999-3150}
}

@inbook{Lee1998,
  author = {Sam Lee and Tim Dunn and Holly Gurbacki and Mike Bragg and Eric Loth},
  title = {An experimental and computational investigation of spanwise-step-ice shapes on airfoil aerodynamics},
  booktitle = {36th AIAA Aerospace Sciences Meeting and Exhibit},
  year = {1998},
  chapter = {},
  pages = {},
  doi = {10.2514/6.1998-490},
  COMMENTURL = {https://arc.aiaa.org/doi/abs/10.2514/6.1998-490},
  eprint = {https://arc.aiaa.org/doi/pdf/10.2514/6.1998-490}
}

@book{Thompson1998,
  author = {Thompson, J. F. and Soni, B. K. and Weatherill, N. P.},
  title = {{Handbook of grid generation}},
  year = {1998},
  month = {Dec},
  isbn = {978-1-42005034-9},
  publisher = {CRC Press},
  address = {Boca Raton, FL, USA},
}

@book{Farrashkhalvat2003,
  author = {Farrashkhalvat, M. and Miles, J. P.},
  title = {{Basic structured grid generation}},
  year = {2003},
  isbn = {978-0-7506-5058-8},
  publisher = {Butterworth-Heinemann},
  address = {Oxford, England, UK},
  doi = {10.1016/B978-0-7506-5058-8.X5000-X}
}

@article{Tabatabaei2019,
  author = {Tabatabaei, Narges and Raisee, Mehrdad and Cervantes, Michel J.},
  title = "{Uncertainty quantification of aerodynamic icing losses in wind turbine with polynomial chaos expansion}",
  journal = {ASME J. Energy Res. Technol.},
  volume = {141},
  number = {5},
  year = {2019},
  month = {04},
  issn = {0195-0738},
  doi = {10.1115/1.4042732},
  COMMENTurl = {https://doi.org/10.1115/1.4042732},
  note = {051210},
  eprint = {https://asmedigitalcollection.asme.org/energyresources/article-pdf/141/5/051210/6395368/jert\_141\_05\_051210.pdf},
}

@article{Smolyak1963,
  author={Smolyak, Sergey},
  title={Quadrature and interpolation formulas for tensor products of certain classes of functions},
  journal={Dokl. Akad. Nauk SSSR},
  volume={148},
  pages={1042--1045},
  year={1963}
}

@article{Scipy2020,
  author  = {Virtanen, Pauli and Gommers, Ralf and Oliphant, Travis E. and Haberland, Matt and Reddy, Tyler and Cournapeau, David and Burovski, Evgeni and Peterson, Pearu and Weckesser, Warren and Bright, Jonathan and {van der Walt}, St{\'e}fan J. and Brett, Matthew and Wilson, Joshua and Millman, K. Jarrod and Mayorov, Nikolay and Nelson, Andrew R. J. and Jones, Eric and Kern, Robert and Larson, Eric and Carey, C J and Polat, {\.I}lhan and Feng, Yu and Moore, Eric W. and {VanderPlas}, Jake and Laxalde, Denis and Perktold, Josef and Cimrman, Robert and Henriksen, Ian and Quintero, E. A. and Harris, Charles R. and Archibald, Anne M. and Ribeiro, Ant{\^o}nio H. and Pedregosa, Fabian and {van Mulbregt}, Paul and {SciPy 1.0 Contributors}},
  title   = {{{SciPy} 1.0: Fundamental algorithms for scientific computing in Python}},
  journal = {Nature Methods},
  year    = {2020},
  volume  = {17},
  pages   = {261--272},
  adsurl  = {https://rdcu.be/b08Wh},
  doi     = {10.1038/s41592-019-0686-2},
} 

@BOOK{Lapack1999,
  AUTHOR = {Anderson, E. and Bai, Z. and Bischof, C. and
    Blackford, S. and Demmel, J. and Dongarra, J. and
      Du Croz, J. and Greenbaum, A. and Hammarling, S. and
      McKenney, A. and Sorensen, D.},
  TITLE = {{LAPACK} users' guide},
  PUBLISHER = {Society for Industrial and Applied Mathematics},
  YEAR = {1999},
  ADDRESS = {Philadelphia, PA},
  ISBN = {0-89871-447-8 (paperback)} 
} 

@book{Krige1951,
  author = {Krige, D. g.},
  title = {{A statistical approach to some mine valuation and allied problems on the Witwatersrand}},
  year = {1951},
  note ={Master's thesis, University of Witwatersrand},
}

@book{Jeans1968,
  author = {Jeans, Sir James Hopwood},
  title = {{Science {\&} music}},
  year = {1968},
  month = {Jan},
  isbn = {978-0-48661964-4},
  publisher = {Courier Corporation},
}

@article{Bonnaire2021,
  author = {Bonnaire, P. and Pettersson, P. and Silva, C. F.},
  title = {{Intrusive generalized polynomial chaos with asynchronous time integration for the solution of the unsteady Navier{\textendash}Stokes equations}},
  journal = {Comput. Fluids},
  volume = {223},
  pages = {104952},
  year = {2021},
  month = {Jun},
  issn = {0045-7930},
  publisher = {Pergamon},
  doi = {10.1016/j.compfluid.2021.104952}
}


@article{LeMaitre2010,
  author = {Le Maitre, Olivier P. and Mathelin, Lionel and Knio, Omar M. and Hussaini, M. Yousuff},
  title = {{Asynchronous time integration for polynomial chaos expansion of uncertain periodic dynamics}},
  journal = {Discrete Contin. Dynam. Systems},
  volume = {28},
  number = {1},
  pages = {199},
  year = {2010},
  publisher = {American Institute of Mathematical Sciences},
  doi = {10.3934/dcds.2010.28.199}
}

@article{Rezaeiravesh2021b,
  doi = {10.21105/joss.02871},
  url = {https://doi.org/10.21105/joss.02871},
  year = {2021},
  publisher = {The Open Journal},
  volume = {6},
  number = {60},
  pages = {2871},
  author = {Saleh Rezaeiravesh and Ricardo Vinuesa and Philipp Schlatter},
  title = {UQit: A Python package for uncertainty quantification (UQ) in computational fluid dynamics (CFD)},
  journal = {Journal of Open Source Software}
}

